%###############################
%########### Neurons ###########
%###############################

@article{izhikevich2003simple,
  title={Simple model of spiking neurons},
  author={Izhikevich, Eugene M},
  journal={IEEE Transactions on neural networks},
  volume={14},
  number={6},
  pages={1569--1572},
  year={2003},
  publisher={IEEE}
}

@article{hebb1949organization,
  title={The organization of behavior; a neuropsycholocigal theory.},
  author={Hebb, Donald O},
  journal={A Wiley Book in Clinical Psychology.},
  pages={62--78},
  year={1949},
  publisher={John Wiley \& Sons Inc}
}

%###############################
%########## Synapses ###########
%###############################

@article{markram1998differential,
  title={Differential signaling via the same axon of neocortical pyramidal neurons},
  author={Markram, Henry and Wang, Yun and Tsodyks, Misha},
  journal={Proceedings of the National Academy of Sciences},
  volume={95},
  number={9},
  pages={5323--5328},
  year={1998},
  publisher={National Acad Sciences}
}

@article{maass2002synapses,
  title={Synapses as dynamic memory buffers},
  author={Maass, Wolfgang and Markram, Henry},
  journal={Neural Networks},
  volume={15},
  number={2},
  pages={155--161},
  year={2002},
  publisher={Elsevier}
}


@article{bohte2002error,
  title={Error-backpropagation in temporally encoded networks of spiking neurons},
  author={Bohte, Sander M and Kok, Joost N and La Poutre, Han},
  journal={Neurocomputing},
  volume={48},
  number={1-4},
  pages={17--37},
  year={2002},
  publisher={Elsevier}
}


%########### ReSuMe ############

@article{ponulak2005resume,
  title={ReSuMe-new supervised learning method for Spiking Neural Networks},
  author={Ponulak, Filip},
  journal={Institute of Control and Information Engineering, Poznan University of Technology},
  volume={42},
  year={2005}
}

@article{ponulak2006supervised,
  title={Supervised learning in spiking neural networks with ReSuMe method},
  author={Ponulak, Filip},
  journal={Phd, Poznan University of Technology},
  volume={46},
  pages={47},
  year={2006}
}

@article{ponulak2010supervised,
  title={Supervised learning in spiking neural networks with ReSuMe: sequence learning, classification, and spike shifting},
  author={Ponulak, Filip and Kasi{\'n}ski, Andrzej},
  journal={Neural computation},
  volume={22},
  number={2},
  pages={467--510},
  year={2010},
  publisher={MIT Press}
}

@inproceedings{kasinski2005experimental,
  title={Experimental demonstration of learning properties of a new supervised learning method for the spiking neural networks},
  author={Kasinski, Andrzej and Ponulak, Filip},
  booktitle={International Conference on Artificial Neural Networks},
  pages={145--152},
  year={2005},
  organization={Springer}
}

@inproceedings{ponulak2006generalization,
  title={Generalization properties of spiking neurons trained with ReSuMe method.},
  author={Ponulak, Filip and Kasinski, Andrzej J},
  booktitle={ESANN},
  pages={629--634},
  year={2006},
  organization={Citeseer}
}

@inproceedings{florian2008tempotron,
  title={Tempotron-like learning with ReSuMe},
  author={Florian, R{\u{a}}zvan V},
  booktitle={International Conference on Artificial Neural Networks},
  pages={368--375},
  year={2008},
  organization={Springer}
}

%########## SPAN ############

@article{mohemmed2012span,
  title={Span: Spike pattern association neuron for learning spatio-temporal spike patterns},
  author={Mohemmed, Ammar and Schliebs, Stefan and Matsuda, Satoshi and Kasabov, Nikola},
  journal={International journal of neural systems},
  volume={22},
  number={04},
  pages={1250012},
  year={2012},
  publisher={World Scientific}
}

@article{mohemmed2013training,
  title={Training spiking neural networks to associate spatio-temporal input--output spike patterns},
  author={Mohemmed, Ammar and Schliebs, Stefan and Matsuda, Satoshi and Kasabov, Nikola},
  journal={Neurocomputing},
  volume={107},
  pages={3--10},
  year={2013},
  publisher={Elsevier}
}

%######### Other ###########

@article{pfister2006optimal,
  title={Optimal spike-timing-dependent plasticity for precise action potential firing in supervised learning},
  author={Pfister, Jean-Pascal and Toyoizumi, Taro and Barber, David and Gerstner, Wulfram},
  journal={Neural computation},
  volume={18},
  number={6},
  pages={1318--1348},
  year={2006},
  publisher={MIT Press}
}

@inproceedings{huh2018gradient,
  title={Gradient descent for spiking neural networks},
  author={Huh, Dongsung and Sejnowski, Terrence J},
  booktitle={Advances in Neural Information Processing Systems},
  pages={1440--1450},
  year={2018}
}

@article{memmesheimer2014learning,
  title={Learning precisely timed spikes},
  author={Memmesheimer, Raoul-Martin and Rubin, Ran and {\"O}lveczky, Bence P and Sompolinsky, Haim},
  journal={Neuron},
  volume={82},
  number={4},
  pages={925--938},
  year={2014},
  publisher={Elsevier}
}


%######### Delay learning ##########

@article{paugam2008delay,
  title={Delay learning and polychronization for reservoir computing},
  author={Paugam-Moisy, H{\'e}l{\`e}ne and Martinez, R{\'e}gis and Bengio, Samy},
  journal={Neurocomputing},
  volume={71},
  number={7-9},
  pages={1143--1158},
  year={2008},
  publisher={Elsevier}
}

%########## Generalizing ############

@article{kasinski2006comparison,
  title={Comparison of supervised learning methods for spike time coding in spiking neural networks},
  author={Kasi{\'n}ski, Andrzej and Ponulak, Filip},
  journal={International Journal of Applied Mathematics and Computer Science},
  volume={16},
  pages={101--113},
  year={2006},
  publisher={Citeseer}
}

@misc{ponulak2015apparatus,
  title={Apparatus and methods for gating analog and spiking signals in artificial neural networks},
  author={Ponulak, Filip},
  year={2015},
  month=dec # "~15",
  publisher={Google Patents},
  note={US Patent 9,213,937}
}

%###############################
%########## Networks ###########
%###############################

%###### Chaotic networks #######

@article{sussillo2009generating,
  title={Generating coherent patterns of activity from chaotic neural networks},
  author={Sussillo, David and Abbott, Larry F},
  journal={Neuron},
  volume={63},
  number={4},
  pages={544--557},
  year={2009},
  publisher={Elsevier}
}

@article{nicola2016supervised,
  title={Supervised Learning in Spiking Neural Networks with FORCE Training},
  author={Nicola, Wilten and Clopath, Claudia},
  journal={arXiv preprint arXiv:1609.02545},
  year={2016}
}

@article{jaeger2004harnessing,
  title={Harnessing nonlinearity: Predicting chaotic systems and saving energy in wireless communication},
  author={Jaeger, Herbert and Haas, Harald},
  journal={science},
  volume={304},
  number={5667},
  pages={78--80},
  year={2004},
  publisher={American Association for the Advancement of Science}
}

@article{maass2007computational,
  title={Computational aspects of feedback in neural circuits},
  author={Maass, Wolfgang and Joshi, Prashant and Sontag, Eduardo D},
  journal={PLoS computational biology},
  volume={3},
  number={1},
  pages={e165},
  year={2007},
  publisher={Public Library of Science}
}

@article{bertschinger2004real,
  title={Real-time computation at the edge of chaos in recurrent neural networks},
  author={Bertschinger, Nils and Natschl{\"a}ger, Thomas},
  journal={Neural computation},
  volume={16},
  number={7},
  pages={1413--1436},
  year={2004},
  publisher={MIT Press}
}

@article{legenstein2007edge,
  title={Edge of chaos and prediction of computational performance for neural circuit models},
  author={Legenstein, Robert and Maass, Wolfgang},
  journal={Neural Networks},
  volume={20},
  number={3},
  pages={323--334},
  year={2007},
  publisher={Elsevier}
}

%######## RC ##########

@article{tanaka2019recent,
  title={Recent advances in physical reservoir computing: a review},
  author={Tanaka, Gouhei and Yamane, Toshiyuki and H{\'e}roux, Jean Benoit and Nakane, Ryosho and Kanazawa, Naoki and Takeda, Seiji and Numata, Hidetoshi and Nakano, Daiju and Hirose, Akira},
  journal={Neural Networks},
  year={2019},
  publisher={Elsevier}
}

@article{pyle2018model,
  title={A model of reward-modulated motor learning with parallelcortical and basal ganglia pathways},
  author={Pyle, Ryan and Rosenbaum, Robert},
  journal={arXiv preprint arXiv:1803.03304},
  year={2018}
}

%#### RC and speech processing ####

@article{zhang2015digital,
  title={A digital liquid state machine with biologically inspired learning and its application to speech recognition},
  author={Zhang, Yong and Li, Peng and Jin, Yingyezhe and Choe, Yoonsuck},
  journal={IEEE transactions on neural networks and learning systems},
  volume={26},
  number={11},
  pages={2635--2649},
  year={2015},
  publisher={IEEE}
}

@article{triefenbach2014large,
  title={Large vocabulary continuous speech recognition with reservoir-based acoustic models},
  author={Triefenbach, Fabian and Demuynck, Kris and Martens, Jean-Pierre},
  journal={IEEE Signal Processing Letters},
  volume={21},
  number={3},
  pages={311--315},
  year={2014},
  publisher={IEEE}
}

@inproceedings{triefenbach2010phoneme,
  title={Phoneme recognition with large hierarchical reservoirs},
  author={Triefenbach, Fabian and Jalalvand, Azarakhsh and Schrauwen, Benjamin and Martens, Jean-Pierre},
  booktitle={Advances in neural information processing systems},
  pages={2307--2315},
  year={2010}
}

@inproceedings{ikeda2018short,
  title={Short Utterance Speaker Recognition by Reservoir with Self-Organized Mapping},
  author={Ikeda, Narumitsu and Sato, Yoshinao and Takahashi, Hirokazu},
  booktitle={2018 IEEE Spoken Language Technology Workshop (SLT)},
  pages={1073--1077},
  year={2018},
  organization={IEEE}
}

@inproceedings{zhao2018nonlinear,
  title={Nonlinear Prediction of Speech by Echo State Networks},
  author={Zhao, Ziyue and Liu, Huijun and Fingscheidt, Tim},
  booktitle={2018 26th European Signal Processing Conference (EUSIPCO)},
  pages={2085--2089},
  year={2018},
  organization={IEEE}
}

%############# LSM ############

@article{maass2002real,
  title={Real-time computing without stable states: A new framework for neural computation based on perturbations},
  author={Maass, Wolfgang and Natschl{\"a}ger, Thomas and Markram, Henry},
  journal={Neural computation},
  volume={14},
  number={11},
  pages={2531--2560},
  year={2002},
  publisher={MIT Press}
}

@incollection{natschlager2003computer,
  title={Computer models and analysis tools for neural microcircuits},
  author={Natschl{\"a}ger, Thomas and Markram, Henry and Maass, Wolfgang},
  booktitle={Neuroscience databases},
  pages={123--138},
  year={2003},
  publisher={Springer}
}

@incollection{maass2011liquid,
  title={Liquid state machines: motivation, theory, and applications},
  author={Maass, Wolfgang},
  booktitle={Computability in context: computation and logic in the real world},
  pages={275--296},
  year={2011},
  publisher={World Scientific}
}

%### Separation Property #####

@article{hourdakis2013use,
  title={Use of the separation property to derive liquid state machines with enhanced classification performance},
  author={Hourdakis, Emmanouil and Trahanias, Panos},
  journal={Neurocomputing},
  volume={107},
  pages={40--48},
  year={2013},
  publisher={Elsevier}
}

@article{wojcik2007liquid,
  title={Liquid state machine and its separation ability as function of electrical parameters of cell},
  author={Wojcik, Grzegorz M and Kaminski, Wieslaw A},
  journal={Neurocomputing},
  volume={70},
  number={13-15},
  pages={2593--2597},
  year={2007},
  publisher={Elsevier}
}

@inproceedings{grzyb2009model,
  title={Which model to use for the liquid state machine?},
  author={Grzyb, Beata J and Chinellato, Eris and Wojcik, Grzegorz M and Kaminski, Wieslaw A},
  booktitle={2009 International Joint Conference on Neural Networks},
  pages={1018--1024},
  year={2009},
  organization={IEEE}
}

@article{pipaextended,
  title={Extended Liquid Computing in Networks of Spiking Neurons},
  author={Pipa, Gordon and Cao, Robin},
  year={2010}
}

@article{wojcik2012electrical,
  title={Electrical parameters influence on the dynamics of the Hodgkin--Huxley liquid state machine},
  author={Wojcik, Grzegorz M},
  journal={Neurocomputing},
  volume={79},
  pages={68--74},
  year={2012},
  publisher={Elsevier}
}

@article{dockendorf2009liquid,
  title={Liquid state machines and cultured cortical networks: The separation property},
  author={Dockendorf, Karl P and Park, Il and He, Ping and Pr{\'\i}ncipe, Jos{\'e} C and DeMarse, Thomas B},
  journal={Biosystems},
  volume={95},
  number={2},
  pages={90--97},
  year={2009},
  publisher={Elsevier}
}

@misc{vapnikn,
  title={N.(1998) Statistical learning theory},
  author={Vapnik, V},
  publisher={Wiley, New York}
}

%##### Polychronization ######

@article{izhikevich2006polychronization,
  title={Polychronization: computation with spikes},
  author={Izhikevich, Eugene M},
  journal={Neural computation},
  volume={18},
  number={2},
  pages={245--282},
  year={2006},
  publisher={MIT Press}
}

%########## Hardware ###########
@article{kraft2006design,
  title={Design of the spiking neuron having learning capabilities based on FPGA circuits},
  author={Kraft, Marek and Kasi{\'n}ski, Andrzej and Ponulak, Filip},
  journal={IFAC Proceedings Volumes},
  volume={39},
  number={17},
  pages={301--306},
  year={2006},
  publisher={Elsevier}
}

%######## Other ############

@article{lukovsevivcius2012reservoir,
  title={Reservoir computing trends},
  author={Luko{\v{s}}evi{\v{c}}ius, Mantas and Jaeger, Herbert and Schrauwen, Benjamin},
  journal={KI-K{\"u}nstliche Intelligenz},
  volume={26},
  number={4},
  pages={365--371},
  year={2012},
  publisher={Springer}
}

%###############################
%########### Speech ############
%###############################

@article{schnell2018neural,
  title={A Neural Model to Predict Parameters for a Generalized Command Response Model of Intonation},
  author={Schnell, Bastian and Garner, Philip N},
  journal={Proc. Interspeech 2018},
  pages={3147--3151},
  year={2018}
}

@article{mesgarani2014phonetic,
  title={Phonetic feature encoding in human superior temporal gyrus},
  author={Mesgarani, Nima and Cheung, Connie and Johnson, Keith and Chang, Edward F},
  journal={Science},
  volume={343},
  number={6174},
  pages={1006--1010},
  year={2014},
  publisher={American Association for the Advancement of Science}
}

@article{dichter2018control,
  title={The control of vocal pitch in human laryngeal motor cortex},
  author={Dichter, Benjamin K and Breshears, Jonathan D and Leonard, Matthew K and Chang, Edward F},
  journal={Cell},
  volume={174},
  number={1},
  pages={21--31},
  year={2018},
  publisher={Elsevier}
}

@techreport{honnet2017intonation,
  title={Intonation Modelling for Speech Synthesis and Emphasis Preservation},
  author={Honnet, Pierre-Edouard Jean Charles},
  year={2017},
  institution={EPFL}
}

@inproceedings{honnet2015atom,
  title={Atom decomposition-based intonation modelling},
  author={Honnet, Pierre-Edouard and Gerazov, Branislav and Garner, Philip N},
  booktitle={2015 IEEE International Conference on Acoustics, Speech and Signal Processing (ICASSP)},
  pages={4744--4748},
  year={2015},
  organization={IEEE}
}

@inproceedings{fujisaki1998command,
  title={A command-response model for F0 contour generation in multilingual speech synthesis},
  author={Fujisaki, Hiroya and Ohno, Sumio and Wang, Changfu},
  booktitle={The Third ESCA/COCOSDA Workshop (ETRW) on Speech Synthesis},
  year={1998}
}

@inproceedings{ohno1998effects,
  title={On the effects of speech rate upon parameters of the command-response model for the fundamental frequency contours of speech},
  author={Ohno, Sumio and Fujisaki, Hiroya and Hara, Yoshikazu},
  booktitle={Fifth International Conference on Spoken Language Processing},
  year={1998}
}

@article{mallat1993matching,
  title={Matching pursuits with time-frequency dictionaries},
  author={Mallat, St{\'e}phane G and Zhang, Zhifeng},
  journal={IEEE Transactions on signal processing},
  volume={41},
  number={12},
  pages={3397--3415},
  year={1993}
}

%###############################
%########### Other #############
%###############################

@article{tikidji2017software,
  title={Software for brain network simulations: a comparative study},
  author={Tikidji-Hamburyan, Ruben A and Narayana, Vikram and Bozkus, Zeki and El-Ghazawi, Tarek A},
  journal={Frontiers in neuroinformatics},
  volume={11},
  pages={46},
  year={2017},
  publisher={Frontiers}
}

@book{gerstner2014neuronal,
  title={Neuronal dynamics: From single neurons to networks and models of cognition},
  author={Gerstner, Wulfram and Kistler, Werner M and Naud, Richard and Paninski, Liam},
  year={2014},
  publisher={Cambridge University Press}
}

@article{gautrais1998rate,
  title={Rate coding versus temporal order coding: a theoretical approach},
  author={Gautrais, Jacques and Thorpe, Simon},
  journal={Biosystems},
  volume={48},
  number={1-3},
  pages={57--65},
  year={1998},
  publisher={Elsevier}
}

@inproceedings{gavrilov2016methods,
  title={Methods of learning for spiking neural networks. A survey},
  author={Gavrilov, Andrey V and Panchenko, Konstantin O},
  booktitle={2016 13th International Scientific-Technical Conference on Actual Problems of Electronics Instrument Engineering (APEIE)},
  volume={2},
  pages={455--460},
  year={2016},
  organization={IEEE}
}

@inproceedings{karaiskos2008blizzard,
  title={The blizzard challenge 2008},
  author={Karaiskos, Vasilis and King, Simon and Clark, Robert AJ and Mayo, Catherine},
  booktitle={Proc. Blizzard Challenge Workshop, Brisbane, Australia},
  year={2008}
}